@article{Prandoni2006,
archivePrefix = {arXiv},
arxivId = {astro-ph/0610453},
author = {Prandoni, I. and Laing, R. a. and Parma, P. and de Ruiter, H. R. and Montenegro-Montes, F. M. and Wilson, T. L.},
eprint = {0610453},
file = {:C$\backslash$:/Users/HOME/AppData/Local/Mendeley Ltd./Mendeley Desktop/Downloaded/Prandoni et al. - 2006 - A Molecular Gas Study of Low Luminosity Radio Galaxies.pdf:pdf},
keywords = {active,galaxies,radio lines},
month = {oct},
number = {February 2008},
primaryClass = {astro-ph},
title = {{A Molecular Gas Study of Low Luminosity Radio Galaxies}},
url = {http://arxiv.org/abs/astro-ph/0610453v1},
year = {2006}
}
